% Encoding: UTF-8

@Book{Duden,
  title     = {Die deutsche Rechtschreibung},
  publisher = {Dudenverlag},
  year      = {2014},
  author    = {Duden, Konrad},
  address   = {Mannheim},
  edition   = {26},
  isbn      = {978-3-411-04650-8},
  timestamp = {2010.07.16},
}

@Comment{jabref-meta: databaseType:bibtex;}
